<?xml version="1.0" encoding="UTF-8"?><collection><record><leader>05641ntm a2200613 a 4500</leader><controlfield tag="001">006805283</controlfield><controlfield tag="003">MiAaHDL</controlfield><controlfield tag="005">20190719000000.0</controlfield><controlfield tag="006">m        d        </controlfield><controlfield tag="007">cr bn ---auaua</controlfield><controlfield tag="008">090531q17651766xx            00| ||ara d</controlfield><datafield tag="035" ind1=" " ind2=" "><subfield code="a">(MiU)006805283</subfield></datafield><datafield tag="035" ind1=" " ind2=" "><subfield code="a">sdr-miu006805283</subfield></datafield><datafield tag="040" ind1=" " ind2=" "><subfield code="a">MiU</subfield><subfield code="c">MiU</subfield><subfield code="e">amremm</subfield></datafield><datafield tag="043" ind1=" " ind2=" "><subfield code="a">n-us-mi</subfield></datafield><datafield tag="100" ind1="0" ind2=" "><subfield code="6">880-01</subfield><subfield code="a">Suyūṭī,</subfield><subfield code="d">1445-1505.</subfield></datafield><datafield tag="245" ind1="1" ind2="0"><subfield code="6">880-03</subfield><subfield code="a">Unmūdhaj al-labīb fī khaṣāʼiṣ al-ḥabīb,</subfield><subfield code="f">[1179, i.e. 1765 or 1766].</subfield></datafield><datafield tag="246" ind1="3" ind2=" "><subfield code="a">خصائص الصغرى</subfield></datafield><datafield tag="246" ind1="3" ind2=" "><subfield code="a">معجزات والخصائص النبوية</subfield></datafield><datafield tag="246" ind1="3" ind2=" "><subfield code="i">Title from inscription on front flyleaf (p.5):</subfield><subfield code="a">انموذج اللبيب</subfield></datafield><datafield tag="260" ind1=" " ind2=" "><subfield code="c">[1765 or 1766].</subfield></datafield><datafield tag="300" ind1=" " ind2=" "><subfield code="a">22 leaves :</subfield><subfield code="b">paper ;</subfield><subfield code="c">200 x 152 (165 x 120-125) mm.</subfield></datafield><datafield tag="500" ind1=" " ind2=" "><subfield code="a">Shelfmark: Ann Arbor, University of Michigan, Special Collections Library, Isl. Ms. 597</subfield></datafield><datafield tag="500" ind1=" " ind2=" "><subfield code="a">Origin: As appears in colophon on p.48, copied by al-Sayyid ʻAbd al-Laṭīf ibn al-Shaykh Muṣṭafá (Abdüllatif bin Mustafa) with transcription completed 1179 [1765 or 6].</subfield></datafield><datafield tag="500" ind1=" " ind2=" "><subfield code="a">Accompanying materials: a. Acquisitions slip from Yahuda (pp.1-2) -- b. Inventory cataloguing slip in hand of Winifred Smeaton Thomas (pp.3-4).</subfield></datafield><datafield tag="500" ind1=" " ind2=" "><subfield code="a">Former shelfmark: From interior of upper cover "IL 25" (likely supplied by Yahuda, see acquisitions slip).</subfield></datafield><datafield tag="500" ind1=" " ind2=" "><subfield code="a">Binding: Boards covered in shell marbled paper (mainly in blue and brown) with red leather over spine ; Type III binding (without flap) ; board linings in untinted wove paper ; resewn in white thread, four stations ; overall in fairly good condition with some abrasion, lifting of paper, etc.</subfield></datafield><datafield tag="500" ind1=" " ind2=" "><subfield code="a">Support: European laid paper ; mainly with 7 laid lines per cm. (vertical), chain lines spaced 31 mm. apart (horizontal), and three crescents watermark (95 mm. long, perpendicular to chains, see p.12, etc.), fairly thick, dense and sturdy, only lightly burnished ; another type with 11 laid lines per cm. (vertical), chain lines spaced 25 mm. apart (horizontal), thin and crisp though sturdy, scarcely burnished if at all ; ink burn in final leaves.</subfield></datafield><datafield tag="500" ind1=" " ind2=" "><subfield code="a">Decoration: Keywords, section headings, and abbreviation symbols (signes de renvoi, etc.) rubricated ; some overlining in red.</subfield></datafield><datafield tag="500" ind1=" " ind2=" "><subfield code="a">Script: Naskh ; angular Turkish (Eastern Anatolian) or Egyptian [?] hand ; virtually serifless with effect of marked tilt to the right, many open counters, pointing in distinct dots, alif maqṣūrah pointed as yāʼ, some elongation of horizontal strokes, free assimilation of letters, kāf mashqūqah preferred (even final kāf).</subfield></datafield><datafield tag="500" ind1=" " ind2=" "><subfield code="a">Layout: Written in 23-27 lines per page.</subfield></datafield><datafield tag="500" ind1=" " ind2=" "><subfield code="a">Collation: i, II (4), V+1 (15), III+1 (22) ; final leaf left blank ; catchwords present ; pagination in pencil, Western numerals, supplied during digitization (includes inserts and flyleaves).</subfield></datafield><datafield tag="500" ind1=" " ind2=" "><subfield code="a">Colophon: "Scribal," reads "على يد العبد الضعيف خادم العالي الشريف السيد عبد اللطيف ابن المرحوم الشيخ مصطفى امام ... غفر لهما سنة ۱۱۷۹"</subfield></datafield><datafield tag="500" ind1=" " ind2=" "><subfield code="a">Explicit: "فهذا القدر ولم يبلغنا ولا اعتقده وقع لا حوض الاولياء ولا شك في وقوع مثله للانبياء عليهم السلام ممثل هذا يكون معجزة ولا تنتهي اليه الكرامة والله اعلم حسبنا الله ونعم الوكيل والحمد لله واحده [كذا] تمت بالخير"</subfield></datafield><datafield tag="500" ind1=" " ind2=" "><subfield code="a">Incipit: "الحمد لله الذي اتقن بحكمته كل شيء فاحتبك وبعث حبيبه محمدا صلى الله عليه وسلم فانار به كل حلك ... هذا انموذج لطيف وعنوان شريف لخصته من كتابي الكبير الذي جمعت فيه المعجزات والخصائص النبوية ... وسميته انموذج اللبيب في خصائص الحبيب ..."</subfield></datafield><datafield tag="500" ind1=" " ind2=" "><subfield code="a">Title from heading on 'title page' / incipit page (p.7).</subfield></datafield><datafield tag="500" ind1=" " ind2=" "><subfield code="a">Ms. codex.</subfield></datafield><datafield tag="510" ind1="4" ind2=" "><subfield code="a">Ḥājjī Khalīfah. Kashf al-ẓunūn,</subfield><subfield code="c">i 467 ; iv 669</subfield></datafield><datafield tag="510" ind1="4" ind2=" "><subfield code="a">Brockelmann, C. GAL,</subfield><subfield code="c">II 146 no. 29 ; S II 181</subfield></datafield><datafield tag="520" ind1="8" ind2=" "><subfield code="a">Clear copy of Unmūdhaj al-labīb fī khaṣāʼiṣ al-ḥabīb (also known as al-Khaṣāʼṣ al-ṣughrá), the author's abridgment of his own Kifāyat al-labīb fī khaṣāʼiṣ al-ḥabīb (known as al-Khaṣāʼiṣ al-kubrá) on the virtues and distinctive attributes of the Prophet.</subfield></datafield><datafield tag="538" ind1=" " ind2=" "><subfield code="a">Mode of access: Internet.</subfield></datafield><datafield tag="541" ind1=" " ind2=" "><subfield code="a">Acquired in 1926 from the bookseller Isaac Benjamin S.E. Yahuda via purchase transacted on his behalf by Abraham Shalom Yahuda (1877-1951), his younger brother.</subfield></datafield><datafield tag="546" ind1=" " ind2=" "><subfield code="a">Arabic.</subfield></datafield><datafield tag="561" ind1=" " ind2=" "><subfield code="a">Possible former inventory marks on front flyleaf (p.5) and final leaf (p.50) ; occasional glosses and marginal corrections.</subfield></datafield><datafield tag="600" ind1="0" ind2="0"><subfield code="a">Muḥammad,</subfield><subfield code="c">Prophet,</subfield><subfield code="d">-632</subfield><subfield code="x">Prayers and devotions</subfield><subfield code="v">Early works to 1800.</subfield></datafield><datafield tag="600" ind1="0" ind2="0"><subfield code="a">Muḥammad,</subfield><subfield code="c">Prophet,</subfield><subfield code="d">-632</subfield><subfield code="x">Appreciation</subfield><subfield code="v">Early works to 1800.</subfield></datafield><datafield tag="650" ind1=" " ind2="0"><subfield code="a">Manuscripts, Arabic</subfield><subfield code="z">Michigan</subfield><subfield code="z">Ann Arbor.</subfield></datafield><datafield tag="650" ind1=" " ind2="0"><subfield code="a">Hadith</subfield><subfield code="v">Texts.</subfield></datafield><datafield tag="650" ind1=" " ind2="0"><subfield code="a">Hadith</subfield><subfield code="x">Criticism, interpretation, etc.</subfield><subfield code="v">Early works to 1800.</subfield></datafield><datafield tag="700" ind1="0" ind2=" "><subfield code="6">880-05</subfield><subfield code="a">ʻAbd al-Laṭīf ibn Muṣṭafá,</subfield><subfield code="d">fl. 1765,</subfield><subfield code="e">scribe.</subfield></datafield><datafield tag="773" ind1="0" ind2=" "><subfield code="a">Yahuda Collection.</subfield></datafield><datafield tag="880" ind1="0" ind2=" "><subfield code="6">700-05/</subfield><subfield code="a">عبد اللطيف بن مصطفى,</subfield><subfield code="e">ناسخ.</subfield></datafield><datafield tag="880" ind1="1" ind2="0"><subfield code="6">245-03/</subfield><subfield code="a">انموذج اللبيب في خصائص الحبيب,</subfield><subfield code="f">[1179ه، 1765 او 1766م].</subfield></datafield><datafield tag="880" ind1="0" ind2=" "><subfield code="6">100-01/</subfield><subfield code="a">سيوطي</subfield></datafield><datafield tag="CID" ind1=" " ind2=" "><subfield code="a">006805283</subfield></datafield><datafield tag="DAT" ind1="0" ind2=" "><subfield code="a">20190719102637.0</subfield><subfield code="b">20190719000000.0</subfield></datafield><datafield tag="DAT" ind1="1" ind2=" "><subfield code="a">20190719090653.0</subfield><subfield code="b">2019-07-19T16:11:30Z</subfield></datafield><datafield tag="DAT" ind1="2" ind2=" "><subfield code="a">2015-10-10T18:00:06Z</subfield></datafield><datafield tag="CAT" ind1=" " ind2=" "><subfield code="a">SDR-MIU</subfield><subfield code="d">EX LIBRIS - ALEPH</subfield><subfield code="l">prepare.pl-004-008</subfield></datafield><datafield tag="FMT" ind1=" " ind2=" "><subfield code="a">BK</subfield></datafield><datafield tag="HOL" ind1=" " ind2=" "><subfield code="0">sdr-miu006805283</subfield><subfield code="a">MiU</subfield><subfield code="b">SDR</subfield><subfield code="c">MIU</subfield><subfield code="p">mdp.39015079127240</subfield><subfield code="s">MIU</subfield><subfield code="1">006805283</subfield></datafield><datafield tag="974" ind1=" " ind2=" "><subfield code="b">MIU</subfield><subfield code="c">MIU</subfield><subfield code="d">20190719</subfield><subfield code="s">lit-dlps-dc</subfield><subfield code="u">mdp.39015079127240</subfield><subfield code="y">1766</subfield><subfield code="r">pd</subfield><subfield code="q">bib</subfield><subfield code="t">non-US bib date2 &lt; 1896</subfield></datafield></record></collection>